<?xml version="1.0" encoding="UTF-8"?><collection xmlns="http://www.loc.gov/MARC21/slim"><record><leader>00427nam--2200157-i-4500</leader><controlfield tag="001">000000241</controlfield><controlfield tag="002">20161230</controlfield><controlfield tag="005">20170127235121</controlfield><controlfield tag="008">060222s1000------------r-----000-0-eng-d</controlfield><datafield ind1=" " ind2=" " tag="040"><subfield code="a">IFIN-HH</subfield></datafield><datafield ind1=" " ind2=" " tag="100"><subfield code="a">Froberg, Carl-Erik</subfield></datafield><datafield ind1=" " ind2=" " tag="245"><subfield code="a">Introduction to numerical analysis</subfield></datafield><datafield ind1=" " ind2=" " tag="260"><subfield code="a">Reading, Massachusetts</subfield><subfield code="b">Addison-Wesley Publishing Company</subfield></datafield><datafield ind1=" " ind2=" " tag="300"><subfield code="a">X + 340 p</subfield></datafield><datafield ind1=" " ind2=" " tag="852"><subfield code="a">21815</subfield><subfield code="c">518.12</subfield></datafield><datafield ind1=" " ind2=" " tag="CAT"><subfield code="a">SYS</subfield><subfield code="c">20170127</subfield><subfield code="h">235121</subfield></datafield></record></collection>